<?xml version="1.0" encoding="UTF-8"?><record xmlns="http://www.loc.gov/MARC21/slim" xmlns:cinclude="http://apache.org/cocoon/include/1.0" xmlns:zs="http://www.loc.gov/zing/srw/">
  <leader>00363nz  a2200121n  4500</leader>
  <controlfield tag="001">nb 97077474 </controlfield>
  <controlfield tag="003">DLC</controlfield>
  <controlfield tag="005">19990710051105.8</controlfield>
  <controlfield tag="008">970929n| acannaabn          |n aaa     c</controlfield>
  <datafield tag="010" ind1=" " ind2=" ">
    <subfield code="a">nb 97077474 </subfield>
  </datafield>
  <datafield tag="040" ind1=" " ind2=" ">
    <subfield code="a">Uk</subfield>
    <subfield code="b">eng</subfield>
    <subfield code="c">Uk</subfield>
  </datafield>
  <datafield tag="100" ind1="1" ind2="0">
    <subfield code="a">Laws, Caroline</subfield>
  </datafield>
  <datafield tag="670" ind1=" " ind2=" ">
    <subfield code="a">Moneywise guide to planning your finances, 1998:</subfield>
    <subfield code="b">t.p. (Caroline Laws) back cover (features ed. of Moneywise)</subfield>
  </datafield>
</record>